@ARTICLE{bowman:reasoning,
	AUTHOR = "Mic Bowman and Saumya K. Debray and Larry L. Peterson",
	TITLE = "Reasoning About Naming Systems",
	JOURNAL = "ACM Trans. Program. Lang. Syst.",
	VOLUME = {15},
	NUMBER = {5},
	PAGES = {795-825},
	MONTH = "November",
	YEAR = {1993}	}

@ARTICLE{braams:babel,
	AUTHOR = "Johannes Braams",
	TITLE = "Babel, a Multilingual Style-Option System for Use with LaTeX's Standard Document Styles",
	JOURNAL = {TUGboat},
	VOLUME = {12},
	NUMBER = {2},
	PAGES = {291-301},
	MONTH = "June",
	YEAR = {1991}	}

@INPROCEEDINGS{clark:pct,
	AUTHOR = "Malcolm Clark",
	TITLE = "Post Congress Tristesse",
	BOOKTITLE = "TeX90 Conference Proceedings",
	PAGES = "84-89",
	ORGANIZATION = "TeX Users Group",
	MONTH = "March", 
	YEAR = {1991}	}

@ARTICLE{herlihy:methodology,
	AUTHOR = "Maurice Herlihy",
	TITLE = "A Methodology for Implementing Highly Concurrent
	Data Objects",
	JOURNAL = {ACM Trans. Program. Lang. Syst.},
	VOLUME = {15},
	NUMBER = {5},
	PAGES = {745-770},
	MONTH = "November",
	YEAR = {1993}	}

@BOOK{Lamport:LaTeX,
	AUTHOR = "Leslie Lamport",
	TITLE = "LaTeX User's Guide and Document Reference Manual",
	PUBLISHER = "Addison-Wesley Publishing Company",
	ADDRESS = "Reading, Massachusetts",
	YEAR = "1986"	}

@BOOK{salas:calculus,
	AUTHOR = "S.L. Salas and Einar Hille",
	TITLE = "Calculus: One and Several Variable",
	PUBLISHER = "John Wiley and Sons",
	ADDRESS = "New York",
	YEAR = "1978"	}

@misc{jquery,
  title = {Jquery},
  author = {W3schools.com},
  year = {2017},
  howpublished = {\url{http://bit.ly/2ndD2ZT}},
  note = {Accessed: 2017-03-16}
}

@Inbook{Hasan2011,
author="Hasan, Mohammad Al
and Zaki, Mohammed J.",
editor="Aggarwal, Charu C.",
title="A Survey of Link Prediction in Social Networks",
bookTitle="Social Network Data Analytics",
year="2011",
publisher="Springer US",
address="Boston, MA",
pages="243--275",
isbn="978-1-4419-8462-3",
doi="10.1007/978-1-4419-8462-3_9",
url="http://dx.doi.org/10.1007/978-1-4419-8462-3_9"
}

@inproceedings{Liben-Nowell,
 author = {Liben-Nowell, David and Kleinberg, Jon},
 title = {The Link Prediction Problem for Social Networks},
 booktitle = {Proceedings of the Twelfth International Conference on Information and Knowledge Management},
 series = {CIKM '03},
 year = {2003},
 isbn = {1-58113-723-0},
 location = {New Orleans, LA, USA},
 pages = {556--559},
 numpages = {4},
 url = {http://doi.acm.org/10.1145/956863.956972},
 doi = {10.1145/956863.956972},
 acmid = {956972},
 publisher = {ACM},
 address = {New York, NY, USA},
 keywords = {link analysis, link prediction, social networks},
} 

@article{Lu2011,
  added-at = {2012-09-16T19:40:22.000+0200},
  author = {LÃ¼, Linyuan and Zhou, Tao},
  biburl = {https://www.bibsonomy.org/bibtex/21d6e6984143d9f961668cb2986bda61c/lantiq},
  file = {full paper:Lu2011.pdf:PDF},
  groups = {public},
  interhash = {b45b4a9c5741cf4c98238b2e662a8e40},
  intrahash = {1d6e6984143d9f961668cb2986bda61c},
  journal = {Physica A},
  keywords = {networks prediction},
  number = 6,
  pages = 11501170,
  timestamp = {2012-09-16T19:40:22.000+0200},
  title = {Link prediction in complex networks: A survey},
  username = {lantiq},
  volume = 390,
  year = 2011
}

@article{Xu,
 author = {Xu, Jennifer and Chen, Hsinchun},
 title = {Criminal Network Analysis and Visualization},
 journal = {Commun. ACM},
 issue_date = {June 2005},
 volume = {48},
 number = {6},
 month = jun,
 year = {2005},
 issn = {0001-0782},
 pages = {100--107},
 numpages = {8},
 url = {http://doi.acm.org/10.1145/1064830.1064834},
 doi = {10.1145/1064830.1064834},
 acmid = {1064834},
 publisher = {ACM},
 address = {New York, NY, USA},
}




