@Inbook{Hasan2011,
author="Hasan, Mohammad Al
and Zaki, Mohammed J.",
editor="Aggarwal, Charu C.",
title="A Survey of Link Prediction in Social Networks",
bookTitle="Social Network Data Analytics",
year="2011",
publisher="Springer US",
address="Boston, MA",
pages="243--275",
isbn="978-1-4419-8462-3",
doi="10.1007/978-1-4419-8462-3_9",
url="http://dx.doi.org/10.1007/978-1-4419-8462-3_9"
}

@inproceedings{Liben-Nowell,
 author = {Liben-Nowell, David and Kleinberg, Jon},
 title = {The Link Prediction Problem for Social Networks},
 booktitle = {Proceedings of the Twelfth International Conference on Information and Knowledge Management},
 series = {CIKM '03},
 year = {2003},
 isbn = {1-58113-723-0},
 location = {New Orleans, LA, USA},
 pages = {556--559},
 numpages = {4},
 url = {http://doi.acm.org/10.1145/956863.956972},
 doi = {10.1145/956863.956972},
 acmid = {956972},
 publisher = {ACM},
 address = {New York, NY, USA},
 keywords = {link analysis, link prediction, social networks},
}

@article{Lu2011,
  added-at = {2012-09-16T19:40:22.000+0200},
  author = {LÃ¼, Linyuan and Zhou, Tao},
  biburl = {https://www.bibsonomy.org/bibtex/21d6e6984143d9f961668cb2986bda61c/lantiq},
  file = {full paper:Lu2011.pdf:PDF},
  groups = {public},
  interhash = {b45b4a9c5741cf4c98238b2e662a8e40},
  intrahash = {1d6e6984143d9f961668cb2986bda61c},
  journal = {Physica A},
  keywords = {networks prediction},
  number = 6,
  pages = 11501170,
  timestamp = {2012-09-16T19:40:22.000+0200},
  title = {Link prediction in complex networks: A survey},
  username = {lantiq},
  volume = 390,
  year = 2011
}

@article{xu2005criminal,
	title={Criminal network analysis and visualization},
	author={Xu, Jennifer and Chen, Hsinchun},
	journal={Communications of the ACM},
	volume={48},
	number={6},
	pages={100--107},
	year={2005},
	publisher={ACM}
}

@inproceedings{xu2004analyzing,
	title={Analyzing and visualizing criminal network dynamics: A case study},
	author={Xu, Jennifer and Marshall, Byron and Kaza, Siddharth and Chen, Hsinchun},
	booktitle={International Conference on Intelligence and Security Informatics},
	pages={359--377},
	year={2004},
	organization={Springer}
}

@article{medina2002traffic,
	title={Traffic matrix estimation: Existing techniques and new directions},
	author={Medina, Alberto and Taft, Nina and Salamatian, Kave and Bhattacharyya, Supratik and Diot, Christophe},
	journal={ACM SIGCOMM Computer Communication Review},
	volume={32},
	number={4},
	pages={161--174},
	year={2002},
	publisher={ACM}
}

@article{benameur2004traffic,
	title={Traffic matrix inference in IP Networks},
	author={Benameur, Nabili and Roberts, JW},
	journal={Networks and Spatial Economics},
	volume={4},
	number={1},
	pages={103--114},
	year={2004},
	publisher={Springer}
}

@inproceedings{papagiannaki2004distributed,
	title={A distributed approach to measure IP traffic matrices},
	author={Papagiannaki, Konstantina and Taft, Nina and Lakhina, Anukool},
	booktitle={Proceedings of the 4th ACM SIGCOMM conference on Internet measurement},
	pages={161--174},
	year={2004},
	organization={ACM}
}

@article{elgamal2015analysis,
	title={Analysis of PCA algorithms in distributed environments},
	author={Elgamal, Tarek and Hefeeda, Mohamed},
	journal={arXiv preprint arXiv:1503.05214},
	year={2015}
}

@inproceedings{jiang2015covariance,
	title={Covariance tracking from sketches of rapid data streams},
	author={Jiang, Yiran and Chi, Yuejie},
	booktitle={Acoustics, Speech and Signal Processing (ICASSP), 2015 IEEE International Conference on},
	pages={5470--5474},
	year={2015},
	organization={IEEE}
}

@article{getoor2005link,
	title={Link mining: a survey},
	author={Getoor, Lise and Diehl, Christopher P},
	journal={ACM SIGKDD Explorations Newsletter},
	volume={7},
	number={2},
	pages={3--12},
	year={2005},
	publisher={ACM}
}

@article{zhou2009predicting,
  title={Predicting missing links via local information},
  author={Zhou, Tao and L{\"u}, Linyuan and Zhang, Yi-Cheng},
  journal={The European Physical Journal B-Condensed Matter and Complex Systems},
  volume={71},
  number={4},
  pages={623--630},
  year={2009},
  publisher={Springer}
}

@article{lu2009similarity,
  title={Similarity index based on local paths for link prediction of complex networks},
  author={L{\"u}, Linyuan and Jin, Ci-Hang and Zhou, Tao},
  journal={Physical Review E},
  volume={80},
  number={4},
  pages={046122},
  year={2009},
  publisher={APS}
}

@misc{flink,
  title = {Apache Flink},
  author = {Apache.org,},
  year = {2017},
  howpublished = {\url{http://flink.apache.org/}},
  note = {Accessed: 2017-03-21}
}

@misc{kafka,
  title = {Apache Kafka},
  author = {Apache.org,},
  year = {2017},
  howpublished = {\url{http://kafka.apache.org/}},
  note = {Accessed: 2017-03-21}
}

@misc{neo4j,
  title = {Neo4j},
  author = {Neo Technology, Inc.},
  year = {2017},
  howpublished = {\url{http://neo4j.com}},
  note = {Accessed: 2017-03-21}
}

@INPROCEEDINGS{FrameworkBigdata,
author={M. I. Pramanik and W. Zhang and R. Y. K. Lau and C. Li},
booktitle={2016 IEEE 13th International Conference on e-Business Engineering (ICEBE)},
title={A Framework for Criminal Network Analysis Using Big Data},
year={2016},
pages={17-23},
keywords={Big Data;data analysis;law administration;public administration;Big data analytics;criminal network;criminal network analysis;data analytics;decision-making;disruptive technology;law enforcement agencies;reshape security;Big data;Data analysis;Data mining;Law enforcement;Security;Social network services;big data;criminal network;data mining;social network analysis},
doi={10.1109/ICEBE.2016.015},
month={Nov},}

@book{von2001organisierte,
	title={Organisierte Kriminalit{\"a}t unter der Lupe: Netzwerke kriminell nutzbarer Kontakte als konzeptueller Zugang zur OK-Problematik},
	author={von Lampe, Klaus},
	year={2001}
}

@incollection{berlusconi2017social,
	title={Social Network Analysis and Crime Prevention},
	author={Berlusconi, Giulia},
	booktitle={Crime Prevention in the 21st Century},
	pages={129--141},
	year={2017},
	publisher={Springer}
}

@article{berlusconi2016link,
	title={Link prediction in criminal networks: A tool for criminal intelligence analysis},
	author={Berlusconi, Giulia and Calderoni, Francesco and Parolini, Nicola and Verani, Marco and Piccardi, Carlo},
	journal={PloS one},
	volume={11},
	number={4},
	pages={e0154244},
	year={2016},
	publisher={Public Library of Science}
}

@inproceedings{pramanik2016framework,
	title={A Framework for Criminal Network Analysis Using Big Data},
	author={Pramanik, Md Ileas and Zhang, Wenping and Lau, Raymond YK and Li, Chunping},
	booktitle={e-Business Engineering (ICEBE), 2016 IEEE 13th International Conference on},
	pages={17--23},
	year={2016},
	organization={IEEE}
}

@article{lucas1990exponentially,
	title={Exponentially weighted moving average control schemes: properties and enhancements},
	author={Lucas, James M and Saccucci, Michael S},
	journal={Technometrics},
	volume={32},
	number={1},
	pages={1--12},
	year={1990},
	publisher={Taylor \& Francis}
}

@article{olguin2009sensible,
	title={Sensible organizations: Technology and methodology for automatically measuring organizational behavior},
	author={Olgu{\'\i}n, Daniel Olgu{\'\i}n and Waber, Benjamin N and Kim, Taemie and Mohan, Akshay and Ara, Koji and Pentland, Alex},
	journal={IEEE Transactions on Systems, Man, and Cybernetics, Part B (Cybernetics)},
	volume={39},
	number={1},
	pages={43--55},
	year={2009},
	publisher={IEEE}
}